<?xml version="1.0" encoding="UTF-8"?><record xmlns="http://www.loc.gov/MARC21/slim" xmlns:cinclude="http://apache.org/cocoon/include/1.0" xmlns:zs="http://www.loc.gov/zing/srw/">
  <leader>00479nz  a2200133n  4500</leader>
  <controlfield tag="001">n  95096981 </controlfield>
  <controlfield tag="003">DLC</controlfield>
  <controlfield tag="005">19951004100311.3</controlfield>
  <controlfield tag="008">950929n| acannaab|          |n aaa |||  </controlfield>
  <datafield tag="010" ind1=" " ind2=" ">
    <subfield code="a">n  95096981 </subfield>
  </datafield>
  <datafield tag="040" ind1=" " ind2=" ">
    <subfield code="a">DLC</subfield>
    <subfield code="c">DLC</subfield>
  </datafield>
  <datafield tag="100" ind1="1" ind2="0">
    <subfield code="a">Winton, Chester A.</subfield>
  </datafield>
  <datafield tag="670" ind1=" " ind2=" ">
    <subfield code="a">Frameworks for studying families, c1995:</subfield>
    <subfield code="b">t.p. (Chester A. Winton, San Jose State Univ.) p. facing t.p. (Dr.; also author of: Theory measurement in sociology)</subfield>
  </datafield>
  <datafield tag="670" ind1=" " ind2=" ">
    <subfield code="a">LC database, 09-29-95</subfield>
    <subfield code="b">(hdg.: Winton, Chester A.)</subfield>
  </datafield>
</record>